<record><leader>00000cas a22000007a 4500</leader><controlfield tag="001">10378660</controlfield><controlfield tag="008">840206c18559999meuwr ne      0   a0eng c</controlfield><datafield ind1=" " ind2=" " tag="010"><subfield code="a">sn 84022374 </subfield></datafield><datafield ind1=" " ind2=" " tag="040"><subfield code="a">NPX</subfield><subfield code="b">eng</subfield><subfield code="c">NPX</subfield><subfield code="d">NPU</subfield><subfield code="d">OCL</subfield><subfield code="d">DLC</subfield><subfield code="d">EBZ</subfield><subfield code="d">MGN</subfield><subfield code="d">MBN</subfield><subfield code="d">DLC</subfield><subfield code="d">MBN</subfield><subfield code="d">OCL</subfield><subfield code="d">NSD</subfield><subfield code="d">DLC</subfield><subfield code="d">NSD</subfield><subfield code="d">OCLCQ</subfield><subfield code="d">OCLCF</subfield><subfield code="d">OCLCO</subfield></datafield><datafield ind1=" " ind2=" " tag="012"><subfield code="l">1</subfield></datafield><datafield ind1="1" ind2=" " tag="022"><subfield code="a">1541-6720</subfield><subfield code="l">1541-6720</subfield><subfield code="2">1</subfield></datafield><datafield ind1="1" ind2=" " tag="029"><subfield code="a">AU@</subfield><subfield code="b">000020228136</subfield></datafield><datafield ind1=" " ind2=" " tag="037"><subfield code="b">The Ellsworth American, P.O.Box 509, Ellsworth, ME 04605</subfield></datafield><datafield ind1=" " ind2=" " tag="042"><subfield code="a">nsdp</subfield><subfield code="a">pcc</subfield></datafield><datafield ind1=" " ind2=" " tag="043"><subfield code="a">n-us-me</subfield></datafield><datafield ind1="1" ind2="0" tag="050"><subfield code="a">ISSN RECORD</subfield></datafield><datafield ind1=" " ind2="4" tag="222"><subfield code="a">The Ellsworth American</subfield></datafield><datafield ind1="0" ind2="0" tag="245"><subfield code="a">Ellsworth American.</subfield></datafield><datafield ind1=" " ind2=" " tag="260"><subfield code="a">Ellsworth, Me. :</subfield><subfield code="b">Wm. H. Chaney,</subfield></datafield><datafield ind1=" " ind2=" " tag="300"><subfield code="a">v.</subfield></datafield><datafield ind1=" " ind2=" " tag="310"><subfield code="a">Weekly</subfield></datafield><datafield ind1="0" ind2=" " tag="362"><subfield code="a">Vol. 1, no. 1 (Jan. 12, 1855)-</subfield></datafield><datafield ind1=" " ind2=" " tag="500"><subfield code="a">Publishers: N.K. Sawyer, Wm. P. Burr, &lt;1863&gt;; N.K. Sawyer, &lt;1866&gt;-1872; Hancock Publishing Co., 1872-&lt;1883&gt;.</subfield></datafield><datafield ind1=" " ind2=" " tag="500"><subfield code="a">Editors: N.K. Sawyer, &lt;1863&gt;-1872; A.F. Drinkwater, 1872-1878 ; H.C. Vaughan, &lt;1883&gt;.</subfield></datafield><datafield ind1=" " ind2="0" tag="651"><subfield code="a">Ellsworth (Me.)</subfield><subfield code="v">Newspapers.</subfield></datafield><datafield ind1=" " ind2="7" tag="655"><subfield code="a">Newspapers.</subfield><subfield code="2">fast</subfield><subfield code="0">(OCoLC)fst01423814</subfield></datafield><datafield ind1=" " ind2="7" tag="651"><subfield code="a">Maine</subfield><subfield code="z">Ellsworth.</subfield><subfield code="2">fast</subfield><subfield code="0">(OCoLC)fst01219490</subfield></datafield><datafield ind1="1" ind2=" " tag="700"><subfield code="a">Sawyer, Nathaniel Knight,</subfield><subfield code="d">1816-1888.</subfield></datafield><datafield ind1="1" ind2=" " tag="700"><subfield code="a">Drinkwater, Arthur Fuller,</subfield><subfield code="d">1819-1882.</subfield></datafield><datafield ind1=" " ind2=" " tag="752"><subfield code="a">United States</subfield><subfield code="b">Maine</subfield><subfield code="c">Hancock</subfield><subfield code="d">Ellsworth.</subfield></datafield><datafield ind1=" " ind2=" " tag="936"><subfield code="a">152nd year, no. 34 (Aug. 22, 2002) LIC</subfield></datafield></record>